@Article{MonforteMcPhail2005,
   Author="Monforte, J.  and McPhail, S.",
   Title="{{S}trategy for gene expression-based biomarker discovery}",
   Journal="Biotechniques",
   Year="2005",
   Volume="Suppl",
   Pages="25--29",
   Month="Apr"
}

@Article{Sonawane2019,
   Author="Sonawane, A. R.  and Weiss, S. T.  and Glass, K.  and Sharma, A.",
   Title="{{N}etwork medicine in the age of biomedical big data}",
   Journal="Frontiers in Genetics",
   Year="2019",
   Volume="10",
   Pages="294"
}

@Article{pmid26099452,
   Author="Jin, N.  and Wu, H.  and Miao, Z.  and Huang, Y.  and Hu, Y.  and Bi, X.  and Wu, D.  and Qian, K.  and Wang, L.  and Wang, C.  and Wang, H.  and Li, K.  and Li, X.  and Wang, D. ",
   Title="{{N}etwork-based survival-associated module biomarker and its crosstalk with cell death genes in ovarian cancer}",
   Journal="Sci Rep",
   Year="2015",
   Volume="5",
   Pages="11566",
   Month="Jun"
}
